@electronic{medium,
  author        = "Michele Preziuso",
  title         = "Password Hashing: PBKDF2, Scrypt, Bcrypt",
  url           = "https://medium.com/@mpreziuso/password-hashing-pbkdf2-scrypt-bcrypt-1ef4bb9c19b3",
  month         = jun,
  year          = "2015"
}	

@electronic{pornin_2012,
  author        = "Thomas Pornin",
  title         = "Is bcrypt better than scrypt",
  url           = "https://security.stackexchange.com/questions/26245/is-bcrypt-better-than-scrypt",
  month         = dec,
  year          = "2012"
}	
@electronic{jarmoc_2015,
  author        = "Jeff Jarmoc",
  title         = "Enough With the Salts: Updates on Secure Password Schemes",
  url           = "https://www.nccgroup.trust/us/about-us/newsroom-and-events/blog/2015/march/enough-with-the-salts-updates-on-secure-password-schemes/",
  month         = mar,
  year          = "2015"
}	
@electronic{puranjay_2015,
  author        = "puranjay",
  title         = "What CSS Frameworks Should You Use?",
  url           = "https://www.csshero.org/css-frameworks-use-comparing-5-popular-css-frameworks/",
  month         = jul,
  year          = "2015"
}	

@electronic{team_2015,
  author        = "Laurence Bradford",
  title         = "Bootstrap 3 vs. Foundation 5: Which Front-end Framework Should You Use?",
  url           = "https://www.codementor.io/codementorteam/bootstrap-3-vs-foundation-5-which-front-end-framework-should-you-use-8s90mhsgn",
  month         = jun,
  year          = "2015"
}	

@electronic{sevilayha_2015,
  author        = "Chris Sevilayha",
  title         = "How to Correctly Use BootstrapJS and AngularJS Together",
  url           = "https://scotch.io/tutorials/how-to-correctly-use-bootstrapjs-and-angularjs-together",
  month         = jan,
  year          = "2015"
}	
@electronic{blankenship_2017,
  author        = "Whitney Blankenship",
  title         = "Bootstrap vs. Foundation: Which Framework is Right for You?",
  url           = "https://www.upwork.com/hiring/development/bootstrap-vs-foundation-which-framework-is-right-for-you/",
  month         = oct,
  year          = "2017"
}
@electronic{Nick_Pettit,
  author        = "Nick Pettit",
  title         = "Should You Use Bootstrap or Foundation?",
  url           = "http://blog.teamtreehouse.com/use-bootstrap-or-foundation",
  month         = may,
  year          = "2016"
}
@electronic{Crypto,
  title         = "Crypto | Node.js v9.2.0 Documentation",
  url           = "https://nodejs.org/api/crypto.html#crypto_crypto"
}
@electronic{Rahil_Shaikh,
  author        = "Rahil Shaikh",
  title         = "Salt Hash passwords using NodeJS crypto",
  url           = "https://ciphertrick.com/2016/01/18/salt-hash-passwords-using-nodejs-crypto/",
  month         = jan,
  year          = "2016"
}
@electronic{passport,
  author        = "Passport",
  title         = "Passport",
  url           = "http://www.passportjs.org/"
}
@electronic{passport_doc,
  author        = "Passport",
  title         = "Passport",
  url           = "http://www.passportjs.org/docs/username-password"
}
@electronic{passport_session,
  author        = "Passport",
  title         = "Passport",
  url           = "http://www.passportjs.org/docs"
}
@electronic{how_cas_works,
  author        = "CAS",
  title         = "How CAS Works",
  url           = "https://idms.rutgers.edu/cas/how_does_it_work.shtml",
  month         = jun,
  year          = "2015"
}
@electronic{vis,
  author        = "Vis.js",
  title         = "vis.js",
  url           = "http://visjs.org/"
}
@electronic{d3_home,
  author        = "D3.js",
  title         = "D3 Data Driven Documents",
  url           = "https://d3js.org/"
}

@electronic{Jacobson,
  author        = "Beth Jacobson",
  title         = " Great Interactive Data Visualization Tools in 2016 ",
  url           = "https://constructive.co/insights/6-best-interactive-data-visualization-tools-2016-part-2/",
  month         = jun,
  year          = "2016"
}
@electronic{Schwartz,
  author        = "Andrew Schwartz, Rick Solis, Sheng-peng Wu",
  title         = "D3 - A Beginner's Guide to Using D3",
  url           = "https://website.education.wisc.edu/~swu28/d3t/index.html"
}
@electronic{Sun,
  author        = "Ruoyu Sun",
  title         = "What D3.js is Not",
  url           = "http://ruoyusun.com/2014/05/26/what-d3js-is-not.html",
  month         = may,
  year          = "2014"
}
@electronic{Watkins,
  author        = "Joe Watkins",
  title         = "Angular - Bootstrap UI - Datepicker",
  url           = "https://codepen.io/joe-watkins/pen/KsAgp"
}
@electronic{oauth,
  author        = "Google",
  title         = "Using OAuth 2.0 to Access Google APIs",
  url           = "https://developers.google.com/identity/protocols/OAuth2"
}
@electronic{dashboard_bootstrap,
  author        = "v4-alpha.getbootstrap.com",
  title         = "Dashboard",
  url           = "https://v4-alpha.getbootstrap.com/examples/dashboard/", 
  year          = "2017"
}

@electronic{data_driven,
  author        = "d3js.org",
  title         = "Data-Driven Documents",
  url           = "https://d3js.org/", 
  year          = "2017"
}
@electronic{ng,
  author        = "angularjs.org",
  title         = "ng",
  url           = "https://docs.angularjs.org/api/ng", 
  year          = "2017"
}

@electronic{AcquiSuite,
  author        = "obvius.com",
  title         = "AcquiSuite",
  url           = "http://www.obvius.com/Products/A8812", 
  year          = "2017"
}  
@electronic{mean,
  author        = "MEAN.IO",
  title         = "MongoDB, Express, AngularJS, Node.js",
  url           = "http://mean.io", 
  year          = "2017"
} 
@electronic{json,
  author        = "JSON",
  title         = "Introducing JSON",
  url           = "http://json.org", 
  year          = "2017"
} 
@electronic{BuildingOS,
  author        = "BuildingOS",
  title         = "BuildingOS",
  url           = "https://buildingos.com/", 
  year          = "2017"
} 
@electronic{modbus,
  author        = "Learning Engineering",
  title         = "Modbus │How Does Modbus work │Modbus Tutorial│",
  url           = "https://www.youtube.com/watch?v=jfKY928Ozrw/", 
  year          = "2017"
} 
@electronic{aquisuite_emb,
  author        = "AcquiSuite",
  title         = "AcquiSuite EMB",
  url           = "http://www.obvius.com/Products/A8810-0/", 
  year          = "2017"
} 
@electronic{modbus_practices,
  author        = "obviusenergy",
  title         = "Modbus Addressing \& Wiring Best Practices",
  url           = "https://www.youtube.com/watch?v=7x0tQf1OsDY", 
  year          = "2017"
} 
@electronic{mochajs,
  author        = "Mochajs",
  title         = "Mocha",
  url           = "https://mochajs.org/", 
  year          = "2017"
} 


@electronic{MongoDB_alternatives,
  author        = "Y. Leven",
  title         = "Top 5 alternatives to MongoDB",
  url           = "http://blog.panoply.io/top-5-alternatives-to-mongodb", 
  year          = "2017"
} 
@electronic{PHP_vs_Node,
  author        = "P. Wayner",
  title         = "PHP vs. Node.js: An epic battle for developer mind share",
  url           = "https://www.infoworld.com/article/3166109/application-development/php-vs-nodejs-an-epic-battle-for-developer-mind-share.html", 
  year          = "2017"
} 
@electronic{Golang_vs_Node,
  author        = "J. Nicholson",
  title         = "Node.js vs Golang: Battle of the Next-Gen Languages",
  url           = "http://www.hostingadvice.com/blog/nodejs-vs-golang/", 
  year          = "2016"
} 
@electronic{Golang_vs_Node_2,
  author        = "S. Palmer",
  title         = "Golang vs Node Comparison: Performance, Scalability and More",
  url           = "https://www.devteam.space/blog/golang-vs-node-comparison-performance-scalability-and-more/", 
} 
@electronic{mochajs,
  author        = "Amazon EC2",
  title         = "Amazon EC2",
  url           = "https://aws.amazon.com/ec2/", 
} 
@electronic{PHP_vs_Node_2,
  author        = "Y. Shiotsu",
  title         = "PHP vs. Node.js",
  url           = "https://www.upwork.com/hiring/development/php-vs-node-js/", 
} 
@electronic{MongoDB_vs_MySQL,
  author        = "E. Korotya",
  title         = "MongoDB vs MySQL Comparison: Which Database is Better?",
  url           = "https://hackernoon.com/mongodb-vs-mysql-comparison-which-database-is-better-e714b699c38b", 
  year          = "2017"
} 
@electronic{mochajs,
  author        = "tutorialspoint",
  title         = "Node.js - Introduction",
  url           = "https://www.tutorialspoint.com/nodejs/nodejs_introduction.html", 
} 


@electronic{angularjsPC,
  author        = "M. Rajput.",
  title         = "The pros and cons of choosing AngularJS",
  url           = "https://jaxenter.com/the-pros-and-cons-of-choosing-angularjs-124850.html"
} 
@electronic{angularjs,
  author        = "M. Rajput.",
  title         = "Top Reasons Why Web Developers Choose AngularJS",
  url           = "http://www.c-sharpcorner.com/article/top-reasons-why-web-developers-choose-angularjs/"
} 
@electronic{mvc,
  author        = "Y. Gidalevitz.",
  title         = "Javascript MVC Frameworks: Your Choice is Your Future",
  url           = "https://www.codal.com/javascript-mvc-frameworks-your-choice-is-your-future/#" 
} 
@electronic{expressPC,
  author        = "T. Volodymyr.",
  title         = "Express.js Mobile App Development: Pros and Cons for Developers",
  url           = "https://jssolutionsdev.com/blog/express-mobile-app-development/" 
} 
@electronic{expressKoaSails,
  author        = "N. Kharchenko.",
  title         = "How to Choose the Best Node.js Framework: Express.js vs Koa.js vs Sails.js",
  url           = "https://www.upwork.com/hiring/for-clients/choose-the-best-node-js-framework-express-js-vs-koa-js-vs-sails-js/" 
} 
@electronic{hapi,
  author        = "T. Sharma.",
  title         = "Hapi JS vs LoopBack for writing Enterprise Application",
  url           = "https://medium.com/@tkssharma/hapi-js-vs-loopback-for-writing-enterprise-application-b86c86ccfb22"
} 
@electronic{aws,
  author        = "R. Goodwin.",
  title         = "Amazon Website Hosting: Complete AWS Review (Updated 2017)",
  url           = "https://howtostartablogonline.net/amazon-web-hosting-review/"
} 
@electronic{amazon,
  author        = "Amazon",
  title         = "Amazon AWS",
  url           = "https://aws.amazon.com/free"
} 
@electronic{drupalOSU,
  author        = "Oregon State University",
  title         = "Drupal",
  url           = "http://is.oregonstate.edu/service/drupal"
} 
@electronic{drupalPC,
  author        = "MCD Partners",
  title         = "Drupal Pros and Cons: An In Depth Look",
  url           = "https://www.mcdpartners.com/news/drupal-pros-and-cons/"
} 
@electronic{heroku,
  author        = "J. Symonds.",
  title         = "My Love/Hate Relationship With Heroku",
  url           = "http://joshsymonds.com/blog/2012/06/03/my-love-slash-hate-relationship-with-heroku/"
} 











  \tiny
    [1] ``AcquiSuite-A8812'', AcquiSuite | English, 2017. [Online]. Available: \url{http://www.obvius.com/Products/A8812}. [Accessed: 02\-Nov\-2017].

    [2] ``Data-Driven Documents'', D3 | English, 2017. [Online]. Available:  \url{https://d3js.org}. [Accessed: 02\-Nov\-2017].

    [3] ``Vis.js'',Vis.js | English, 2017. [Online]. Available: http://visjs.org/. [Accessed: 02- Nov- 2017].

    [4] ``MongoDB, Express, AngularJS, Node.js'', MEAN.IO | English, 2017. [Online]. Available: http://mean.io. [Accessed: 02- Nov- 2017].

    [5] ``Introducing JSON'', JSON. | English, 2017. [Online]. Available: http://json.org [Accessed: 02- Nov- 2017].

    [6] ``BuildingOS'', BuildingOS | English, 2017. [Online]. Available: https://buildingos.com/. [Accessed: 02- Nov- 2017].

    [7] ``Modbus │How Does Modbus work │Modbus Tutorial│'', Learning Engineering | English, 2016. [Online]. Available: https://www.youtube.com/watch?v=jfKY928Ozrw/. [Accessed: 02- Nov- 2017].

    [8] ``AcquiSuite EMB'', AcquiSuite | English, 2017. [Online]. Available: http://www.obvius.com/Products/A8810-0/. [Accessed: 02- Nov- 2017].

    [9] ``Modbus Addressing \& Wiring Best Practices'', obviusenergy | English, 2017. [Online]. Available: https://www.youtube.com/watch?v=7x0tQf1OsDY. [Accessed: 02- Nov- 2017].

    [10] ``Mocha'', Mocha | English, 2017. [Online]. Available: https://mochajs.org/. [Accessed: 02- Nov- 2017].
