@electronic{AcquiSuite,
  author        = "AcquiSuite",
  title         = "AcquiSuite-A8812",
  url           = "http://www.obvius.com/Products/A8812",
  year          = "2017"
}	

[1] ``AcquiSuite-A8812'', AcquiSuite | English, 2017. [Online]. Available: \url{http://www.obvius.com/Products/A8812}. [Accessed: 02\-Nov\-2017].
    
    [2] ``Data-Driven Documents'', D3 | English, 2017. [Online]. Available:  \url{https://d3js.org}. [Accessed: 02\-Nov\-2017].
    
    [3] ``Vis.js'',Vis.js | English, 2017. [Online]. Available: http://visjs.org/. [Accessed: 02- Nov- 2017].
    
    [4] ``MongoDB, Express, AngularJS, Node.js'', MEAN.IO | English, 2017. [Online]. Available: http://mean.io. [Accessed: 02- Nov- 2017].
    
    [5] ``Introducing JSON'', JSON. | English, 2017. [Online]. Available: http://json.org [Accessed: 02- Nov- 2017].
    
    [6] ``BuildingOS'', BuildingOS | English, 2017. [Online]. Available: https://buildingos.com/. [Accessed: 02- Nov- 2017].
    
    [7] ``Modbus │How Does Modbus work │Modbus Tutorial│'', Learning Engineering | English, 2016. [Online]. Available: https://www.youtube.com/watch?v=jfKY928Ozrw/. [Accessed: 02- Nov- 2017].
    
    [8] ``AcquiSuite EMB'', AcquiSuite | English, 2017. [Online]. Available: http://www.obvius.com/Products/A8810-0/. [Accessed: 02- Nov- 2017].
    
    [9] ``Modbus Addressing \& Wiring Best Practices'', obviusenergy | English, 2017. [Online]. Available: https://www.youtube.com/watch?v=7x0tQf1OsDY. [Accessed: 02- Nov- 2017].
    
    [10] ``Mocha'', Mocha | English, 2017. [Online]. Available: https://mochajs.org/. [Accessed: 02- Nov- 2017].
