@misc{medium,
	title={Password Hashing: PBKDF2, Scrypt, Bcrypt}, 
	howpublished = "\url{https://medium.com/@mpreziuso/password-hashing-pbkdf2-scrypt-bcrypt-1ef4bb9c19b3}", 
	journal={www.Medium.com}, 
	publisher={Medium.com},
	author={Michele Preziuso}
}
@misc{pornin_2012, 
	title={Is bcrypt better than scrypt}, 
	howpublished = "\url{https://security.stackexchange.com/questions/26245/is-bcrypt-better-than-scrypt}", 
	journal={passwords - Is bcrypt better than scrypt - Information Security Stack Exchange}, 
	author={Pornin, Thomas}, 
	year={2012}, 
	month={Dec}}
@misc{jarmoc_2015, 
	title={Enough With the Salts: Updates on Secure Password Schemes}, 
	howpublished = "\url{https://www.nccgroup.trust/us/about-us/newsroom-and-events/blog/2015/march/enough-with-the-salts-updates-on-secure-password-schemes/}", 
	journal={Enough With the Salts: Updates on Secure Password Schemes}, 
	publisher={Nccgroup}, 
	author={Jarmoc, Jeff}, 
	year={2015}, 
	month={Mar}}
@misc{puranjay_2015, 
	title={What CSS Frameworks Should You Use?}, 
	howpublished = "\url{https://www.csshero.org/css-frameworks-use-comparing-5-popular-css-frameworks/}", 
	journal={CSS Hero}, 
	publisher={https://www.facebook.com/CSSHero.org}, 
	author={puranjay}, 
	year={2015}, 
	month={Jul}}
@misc{team_2015, 
	title={Bootstrap 3 vs. Foundation 5: Which Front-end Framework Should You Use?}, 
	howpublished = "\url{https://www.codementor.io/codementorteam/bootstrap-3-vs-foundation-5-which-front-end-framework-should-you-use-8s90mhsgn}", 
	journal={Codementor}, 
	publisher={Codementor}, 
	author={Laurence Bradford}, 
	year={2015}, month={Jun}}
@misc{sevilayha_2015, 
	title={How to Correctly Use BootstrapJS and AngularJS Together}, 
	howpublished = "\url{https://scotch.io/tutorials/how-to-correctly-use-bootstrapjs-and-angularjs-together}", 
	journal={Scotch}, 
	publisher={Scotch}, 
	author={Sevilayha, Chris}, 
	year={2015}, month={Jan}}

@misc{blankenship_2017, 
	title={Bootstrap vs. Foundation: Which Framework is Right for You?}, 
	howpublished = "\url{https://www.upwork.com/hiring/development/bootstrap-vs-foundation-which-framework-is-right-for-you/}", 
	journal={Hiring | Upwork}, 
	publisher={Upwork}, author={Blankenship, Whitney}, year={2017}, month={Oct}}	
@misc{Nick_Pettit, 
title={Should You Use Bootstrap or Foundation?}, 
url={http://blog.teamtreehouse.com/use-bootstrap-or-foundation}, 
journal={Treehouse Blog}, 
publisher={Treehouse Blog}, author={Nick Pettit}, year={2016}, month={May}}